
@article{wang_2d_1999,
	title = {A 2D {Non}-{Splitting} {Unstructured} {Triangular} {Mesh} {Euler} {Solver} {Based} on the {Space}-{Time} {Conservation} {Element} and {Solution} {Element} {Method}},
	volume = {8},
	number = {2},
	journal = {Computational Fluid Dynamics JOURNAL},
	author = {Wang, Xiao-Yen and Chang, Sin-Chung},
	year = {1999},
	keywords = {cese, cfd},
	pages = {309--325},
	file = {wang_99_2d.pdf:/Users/yungyuc/Zotero/storage/KC8Z955B/wang_99_2d.pdf:application/pdf}
}

@article{mavriplis_unstructured_1997,
	title = {Unstructured {Grid} {Techniques}},
	volume = {29},
	copyright = {Copyright Â© 1997 by Annual Reviews Inc. All rights reserved},
	url = {http://arjournals.annualreviews.org/doi/abs/10.1146/annurev.fluid.29.1.473?prevSearch=%5Bauthor%3A+Mavriplis%2C+D.+J.%5D&searchHistoryKey=},
	doi = {10.1146/annurev.fluid.29.1.473},
	abstract = {An overview of the current state of the art in unstructured mesh techniques for computational fluid dynamics is given. The topics of mesh generation and adaptation, spatial discretization, and solution techniques for steady flows are covered. Remaining difficulties in these areas are highlighted, and directions for future work are outlined.},
	urldate = {2008-12-19},
	journal = {Annual Review of Fluid Mechanics},
	author = {Mavriplis, D. J.},
	month = jan,
	year = {1997},
	keywords = {computational; fluid; Navier-Stokes; aerodynamic; mesh; multigrid},
	file = {annurev.fluid.29.1.473.pdf:/Users/yungyuc/Zotero/storage/6LDRJTM2/annurev.fluid.29.1.473.pdf:application/pdf}
}